@unpublished{GaudeckerEconProjectTemplates,
	Author = {Hans-Martin von Gaudecker},
	Note = {\url{https://doi.org/10.5281/zenodo.2533241}},
	Title = {Templates for Reproducible Research Projects in Economics},
	Year = {2019}}

@unpublished{Gabler18,
	Author = {Janos Gabler},
	Note = {\url{https://github.com/iame-uni-bonn/assignment-4-group_7/blob/master/kalman_filters.pdf}},
	Title = {Introduction to Robust Kallman Filters},
	Year = {2018}}